<record><leader>00000cas a22000007a 4500</leader><controlfield tag="001">36873570</controlfield><controlfield tag="008">970508d18uu18uumeuuu ne      0    0eng d</controlfield><datafield ind1=" " ind2=" " tag="010"><subfield code="a">sn 97062672 </subfield></datafield><datafield ind1=" " ind2=" " tag="040"><subfield code="a">MBN</subfield><subfield code="b">eng</subfield><subfield code="c">MBN</subfield><subfield code="d">OCL</subfield><subfield code="d">OCLCQ</subfield><subfield code="d">OCLCF</subfield><subfield code="d">OCLCO</subfield></datafield><datafield ind1=" " ind2=" " tag="042"><subfield code="a">msc</subfield></datafield><datafield ind1=" " ind2=" " tag="043"><subfield code="a">n-us-me</subfield></datafield><datafield ind1="0" ind2=" " tag="130"><subfield code="a">Occasional (Saco, Me.)</subfield></datafield><datafield ind1="1" ind2="4" tag="245"><subfield code="a">The occasional.</subfield></datafield><datafield ind1=" " ind2=" " tag="260"><subfield code="a">Saco [Me.] :</subfield><subfield code="b">C.H. Webber</subfield></datafield><datafield ind1=" " ind2=" " tag="300"><subfield code="a">v.</subfield></datafield><datafield ind1=" " ind2=" " tag="500"><subfield code="a">Place of publication also given as: Biddeford.</subfield></datafield><datafield ind1=" " ind2=" " tag="588"><subfield code="a">Description based on: Apr. 1877.</subfield></datafield><datafield ind1=" " ind2="0" tag="651"><subfield code="a">Saco (Me.)</subfield><subfield code="v">Newspapers.</subfield></datafield><datafield ind1=" " ind2="0" tag="651"><subfield code="a">Biddeford (Me.)</subfield><subfield code="v">Newspapers.</subfield></datafield><datafield ind1=" " ind2="7" tag="655"><subfield code="a">Newspapers.</subfield><subfield code="2">fast</subfield><subfield code="0">(OCoLC)fst01423814</subfield></datafield><datafield ind1=" " ind2="7" tag="651"><subfield code="a">Maine</subfield><subfield code="z">Biddeford.</subfield><subfield code="2">fast</subfield><subfield code="0">(OCoLC)fst01209933</subfield></datafield><datafield ind1=" " ind2="7" tag="651"><subfield code="a">Maine</subfield><subfield code="z">Saco.</subfield><subfield code="2">fast</subfield><subfield code="0">(OCoLC)fst01218837</subfield></datafield><datafield ind1=" " ind2=" " tag="752"><subfield code="a">United States</subfield><subfield code="b">Maine</subfield><subfield code="c">York</subfield><subfield code="d">Saco.</subfield></datafield><datafield ind1=" " ind2=" " tag="752"><subfield code="a">United States</subfield><subfield code="b">Maine</subfield><subfield code="c">York</subfield><subfield code="d">Biddeford.</subfield></datafield></record>